% This file was created with JabRef 2.9.2.
% Encoding: Cp1252

@MISC{storeGPS,
  author = {3DRobotics},
  year = {2013},
  note = {\url{store.3drobotics.com/products/3dr-gps-ublox-with-compass}},
  owner = {vegardvo},
  timestamp = {2013.11.26}
}

@INPROCEEDINGS{model,
  author = {Alaimo, A. and Artale, V. and Milazzo, C. and Ricciardello, A. and
	Trefiletti, L.},
  title = {Mathematical modeling and control of a hexacopter},
  booktitle = {Unmanned Aircraft Systems (ICUAS), 2013 International Conference
	on},
  year = {2013},
  pages = {1043-1050},
  month = {May},
  doi = {10.1109/ICUAS.2013.6564793},
  keywords = {Newton method;angular velocity control;autonomous aerial vehicles;blades;differential
	equations;failure analysis;helicopters;linear systems;rotors;shear
	modulus;stability;trajectory control;vehicle dynamics;Euler-Lagrange
	equation;Euler-angle parametrization;Newton-Euler equation;UAV;angular
	velocity control;coordinate space;counter-rotating fixedpitch blade;differential
	equation;dynamical model;electric motor;failure;hexacopter control;linearity;mathematical
	modeling;microcopter dynamics;quaternion formulation;rigid body;rotor;stability;stabilization;three-dimensional
	rotation;trajectory control;unmanned aerial vehicle;Aircraft;Angular
	velocity;Equations;Mathematical model;PD control;Quaternions;Rotors}
}

@MISC{adg3300,
  author = {{Analog Devices}},
  title = {ADG3300 Datasheet},
  year = {2005},
  note = {\url{www.analog.com/static/imported-files/data_sheets/ADG3300.pdf}},
  owner = {vegardvo},
  timestamp = {2013.11.24},
  url = {http://www.analog.com/static/imported-files/data_sheets/ADG3300.pdf}
}

@MISC{devArdupilot,
  author = {ArduPilot},
  title = {ArduPilot development site},
  year = {2013},
  note = {\url{dev.ardupilot.com/}},
  owner = {vegardvo},
  timestamp = {2013.11.25},
  url = {http://dev.ardupilot.com/}
}

@MISC{flight,
  author = {Ardupilot},
  title = {Setting up Flight Modes},
  year = {2013},
  note = {\url{copter.ardupilot.com/wiki/flight-modes/}},
  owner = {vegardvo},
  timestamp = {2013.11.27}
}

@ARTICLE{Berberan-Santos1997,
  author = {Berberan-Santos, MÃ¡rio N. and Bodunov, Evgeny N. and Pogliani, Lionello},
  title = {On the barometric formula},
  journal = {American Journal of Physics},
  year = {1997},
  volume = {65},
  pages = {404-412},
  number = {5},
  __markedentry = {[vegardvo:]},
  doi = {http://dx.doi.org/10.1119/1.18555},
  owner = {vegardvo},
  timestamp = {2013.11.25},
  url = {http://scitation.aip.org/content/aapt/journal/ajp/65/5/10.1119/1.18555}
}

@ARTICLE{canny,
  author = {Canny, John},
  title = {A Computational Approach to Edge Detection},
  journal = {Pattern Analysis and Machine Intelligence, IEEE Transactions on},
  year = {1986},
  volume = {PAMI-8},
  pages = {679-698},
  number = {6},
  doi = {10.1109/TPAMI.1986.4767851},
  issn = {0162-8828},
  keywords = {Detectors;Feature extraction;Gaussian approximation;Image edge detection;Machine
	vision;Performance analysis;Shape measurement;Signal synthesis;Signal
	to noise ratio;Uncertainty;Edge detection;feature extraction;image
	processing;machine vision;multiscale image analysis},
  owner = {vegardvo},
  timestamp = {2014.04.01}
}

@BOOK{embedded,
  title = {Designing Embedded Hardware},
  publisher = {O'Reilly Media},
  year = {2005},
  author = {John Catsoulis},
  edition = {Second Edition},
  month = {5},
  isbn = {9780596007553},
  owner = {vegardvo},
  price = {$49.99},
  timestamp = {2013.11.27},
  totalpages = {398},
  url = {http://amazon.com/o/ASIN/0596007558/}
}

@MISC{camera,
  author = {{e-con Systems}},
  title = {e-CAM51\_44x Hardware User Manual},
  year = {2013},
  note = {\url{www.e-consystems.com/doc_OMAP4_MIPI_Camera.asp}},
  owner = {vegardvo},
  timestamp = {2013.11.24}
}

@MISC{camera_power,
  author = {{e-con Systems}},
  title = {Camera Module Features},
  year = {2013},
  note = {\url{www.e-consystems.com/OMAP4-MIPI-Camera-Board.asp}},
  owner = {vegardvo},
  timestamp = {2013.12.17}
}

@BOOK{Fossen,
  title = {Handbook of Marine Craft Hydrodynamics and Motion Control},
  publisher = {Wiley},
  year = {2011},
  author = {Thor I. Fossen},
  edition = {1},
  month = {5},
  isbn = {9781119991496},
  owner = {vegardvo},
  price = {$200.00},
  timestamp = {2013.11.25},
  totalpages = {596},
  url = {http://amazon.com/o/ASIN/1119991498/}
}

@MISC{cep,
  author = {iGage},
  title = {GPS Accuracy},
  year = {2013},
  note = {\url{www.igage.com/mp/GPSAccuracy.htm}},
  owner = {vegardvo},
  timestamp = {2013.11.26}
}

@MISC{gyro,
  author = {Jay Esfandyari, Roberto De Nuccio, Gang Xu},
  title = {Introduction to MEMS Gyroscopes},
  year = {2010},
  note = {\url{electroiq.com/blog/2010/11/introduction-to-mems-gyroscopes/}},
  owner = {vegardvo},
  timestamp = {2013.11.27}
}

@BOOK{mems,
  title = {Foundations of MEMS (2nd Edition)},
  publisher = {Prentice Hall},
  year = {2011},
  author = {Chang Liu},
  edition = {2},
  month = {4},
  asin = {B008VIMSYY},
  owner = {vegardvo},
  timestamp = {2013.11.27},
  totalpages = {560},
  url = {http://amazon.com/o/ASIN/B008VIMSYY/}
}

@MISC{DUNE,
  author = {LSTS},
  title = {DUNE: Unified Navigation Environment},
  year = {2014},
  note = {\url{http://lsts.fe.up.pt/software/dune}},
  owner = {vegardvo},
  timestamp = {2014.03.31}
}

@MISC{IMC,
  author = {LSTS},
  title = {IMC, Inter-Module Communication Protocol},
  year = {2014},
  note = {\url{http://lsts.fe.up.pt/software/imc}},
  owner = {vegardvo},
  timestamp = {2014.03.31}
}

@MISC{LSTS,
  author = {LSTS},
  title = {About LSTS},
  year = {2014},
  note = {\url{http://lsts.fe.up.pt/about}},
  owner = {vegardvo},
  timestamp = {2014.03.31}
}

@MISC{neptus,
  author = {LSTS},
  title = {Neptus Command and Control Software},
  year = {2014},
  note = {\url{http://lsts.fe.up.pt/software/neptus}},
  owner = {vegardvo},
  timestamp = {2014.03.31}
}

@ARTICLE{Mason1957,
  author = {Mason, W. P. and Thurston, R. N.},
  title = {Use of Piezoresistive Materials in the Measurement of Displacement,
	Force, and Torque},
  journal = {The Journal of the Acoustical Society of America},
  year = {1957},
  volume = {29},
  pages = {1096-1101},
  number = {10},
  __markedentry = {[vegardvo:6]},
  doi = {http://dx.doi.org/10.1121/1.1908710},
  owner = {vegardvo},
  timestamp = {2013.11.25},
  url = {http://scitation.aip.org/content/asa/journal/jasa/29/10/10.1121/1.1908710}
}

@MISC{motor,
  author = {Mclennan},
  title = {Geared DC Instrument Motor 1271 Series},
  year = {2013},
  note = {\url{www.farnell.com/datasheets/526521.pdf}},
  owner = {vegardvo},
  timestamp = {2013.11.27}
}

@MISC{barometer,
  author = {{Merriam Webster}},
  title = {Definition barometer},
  year = {2013},
  note = {\url{www.merriam-webster.com/dictionary/barometer}},
  owner = {vegardvo},
  timestamp = {2013.11.25}
}

@MISC{img,
  author = {MIPI},
  title = {Camera Interface Specifications},
  year = {2013},
  note = {\url{www.mipi.org/specifications/camera-interface\#CSI2}},
  owner = {vegardvo},
  timestamp = {2013.11.26}
}

@MISC{surf,
  author = {Mordvintsev, Alexander and K. Abid},
  title = {Introduction to SURF (Speeded-Up Robust Features)},
  year = {2013},
  note = {\url{opencv-python-tutroals.readthedocs.org/en/latest/py_tutorials/py_feature2d/py_surf_intro/py_surf_intro.html}},
  owner = {vegardvo},
  timestamp = {2013.11.27}
}

@MISC{pandaboard,
  author = {omappedia.org},
  title = {Pandaboard FAQ},
  year = {2012},
  note = {\url{omappedia.org/wiki/PandaBoard_FAQ}},
  owner = {vegardvo},
  timestamp = {2013.11.23}
}

@MISC{pandaboard_test,
  author = {omappedia.org},
  title = {PandaBoard test data},
  year = {2011},
  note = {\url{omappedia.org/wiki/Panda_Test_Data}},
  owner = {vegardvo},
  timestamp = {2013.11.23}
}

@MISC{sift,
  author = {OpenCV},
  title = {Introduction to SIFT (Scale-Invariant Feature Transform)},
  year = {2013},
  note = {\url{docs.opencv.org/trunk/doc/py_tutorials/py_feature2d/py_sift_intro/py_sift_intro.html}},
  owner = {vegardvo},
  timestamp = {2013.11.27}
}

@MISC{cascade,
  author = {OpenCV.org},
  title = {Cascade Classifier Training},
  year = {2013},
  note = {\url{docs.opencv.org/doc/user_guide/ug_traincascade.html}},
  owner = {vegardvo},
  timestamp = {2013.11.27}
}

@MISC{panda,
  author = {pandaboard.org},
  title = {PandaBoard ES Technical Specs},
  year = {2013},
  note = {\url{pandaboard.org/content/platform}},
  owner = {vegardvo},
  timestamp = {2013.11.24}
}

@MISC{pandaManual,
  author = {pandaboard.org},
  title = {PandaBoard ES system Reference Manual},
  year = {2011},
  note = {\url{pandaboard.org/sites/default/files/board_reference/ES/Panda_Board_Spec_DOC-21054_REV0_1.pdf}},
  owner = {vegardvo},
  timestamp = {2013.11.24}
}

@MISC{h-bridge,
  author = {pololu.com},
  year = {2014},
  note = {\url{www.pololu.com/product/2136}},
  owner = {vegardvo},
  timestamp = {2014.03.31}
}

@MISC{mavlink,
  author = {QGroundControl},
  title = {MAVLink Micro Air Vehicle Communication Protocol},
  year = {2013},
  note = {\url{qgroundcontrol.org/mavlink/start}},
  owner = {vegardvo},
  timestamp = {2013.11.26}
}

@BOOK{sorensen,
  title = {Marine Control Systems - Propulsion and Motion Control of Ships and
	Ocean Structures},
  year = {2013},
  author = {Asgeir S{{\o}}rensen},
  owner = {vegardvo},
  timestamp = {2014.05.19}
}

@BOOK{Spong,
  title = {Robot Modeling and Control},
  publisher = {Wiley},
  year = {2005},
  author = {Mark W. Spong and Seth Hutchinson and M. Vidyasagar},
  edition = {1},
  month = {11},
  isbn = {9780471649908},
  owner = {vegardvo},
  timestamp = {2013.11.25},
  totalpages = {496},
  url = {http://amazon.com/o/ASIN/0471649902/}
}

@MISC{mag,
  author = {{Store Norske Leksikon}},
  title = {Definition magnetometer},
  year = {2013},
  note = {\url{snl.no/magnetometer}},
  owner = {vegardvo},
  timestamp = {2013.11.25}
}

@MISC{omap,
  author = {{Texas Instruments}},
  title = {OMAP$^{\rm TM}$ 4 Processors},
  year = {2013},
  note = {\url{www.ti.com/lsds/ti/omap-applications-processors/omap-4-processors-products.page}},
  owner = {vegardvo},
  timestamp = {2013.11.24}
}

@MISC{ublox,
  author = {u-blox},
  title = {Datasheet LEA-6 series},
  year = {2012},
  note = {\url{www.u-blox.com/images/downloads/Product_Docs/LEA-6_ProductSummary_%28GPS.G6-HW-09002%29.pdf}},
  owner = {vegardvo},
  timestamp = {2013.11.26}
}

@BOOK{vik,
  title = {Integrated Satellite and Inertial Navigation Systems},
  publisher = {Deperatment of Engineering Cybernetics, NTNU},
  year = {2012},
  author = {Bjørnar Vik},
  owner = {vegardvo},
  timestamp = {2013.11.27}
}

@BOOK{prosjekt,
  title = {Mechanisms for Drop and Recovery of Sensor Nodes Using UAVs},
  publisher = {Deperatment of Engineering Cybernetics, NTNU},
  year = {2013},
  author = {Vegard Voldsund},
  owner = {vegardvo},
  school = {NTNU},
  timestamp = {2014.03.31}
}

